%YAML 1.1
%TAG !u! tag:unity3d.com,2011:
--- !u!1 &108293309819577750
GameObject:
  m_ObjectHideFlags: 0
  m_CorrespondingSourceObject: {fileID: 0}
  m_PrefabInstance: {fileID: 0}
  m_PrefabAsset: {fileID: 0}
  serializedVersion: 6
  m_Component:
  - component: {fileID: 67546295540786996}
  - component: {fileID: 8358536609096487806}
  m_Layer: 6
  m_Name: Melee
  m_TagString: Untagged
  m_Icon: {fileID: 0}
  m_NavMeshLayer: 0
  m_StaticEditorFlags: 0
  m_IsActive: 1
--- !u!4 &67546295540786996
Transform:
  m_ObjectHideFlags: 0
  m_CorrespondingSourceObject: {fileID: 0}
  m_PrefabInstance: {fileID: 0}
  m_PrefabAsset: {fileID: 0}
  m_GameObject: {fileID: 108293309819577750}
  m_LocalRotation: {x: 0, y: 0, z: 0, w: 1}
  m_LocalPosition: {x: 0, y: 0, z: 0}
  m_LocalScale: {x: 1, y: 1, z: 1}
  m_Children: []
  m_Father: {fileID: 4714372674476376957}
  m_RootOrder: 2
  m_LocalEulerAnglesHint: {x: 0, y: 0, z: 0}
--- !u!114 &8358536609096487806
MonoBehaviour:
  m_ObjectHideFlags: 0
  m_CorrespondingSourceObject: {fileID: 0}
  m_PrefabInstance: {fileID: 0}
  m_PrefabAsset: {fileID: 0}
  m_GameObject: {fileID: 108293309819577750}
  m_Enabled: 1
  m_EditorHideFlags: 0
  m_Script: {fileID: 11500000, guid: 5d6bccb91f8661a40a48825952f935f6, type: 3}
  m_Name: 
  m_EditorClassIdentifier: 
  IsIgnore: 0
  _waitForParallelTasksCompletion: 0
  _completeWhenAllChildrenStop: 0
  _nextTask: {fileID: 0}
  _parallelTasks: []
  m_HitEffect: {fileID: 0}
  m_Animations:
  - Attack
  m_HitRange: 0
  m_HitRadius: 0.3
  m_OriginOffsetY: 0.2
  m_EventName: OnAttack
  m_TargetNumber: 1
  m_SyncTimeScale: 0
  m_OnAttack:
    m_PersistentCalls:
      m_Calls: []
  m_OnHit:
    m_PersistentCalls:
      m_Calls: []
  m_FacingTarget: 1
  m_DamageDealer:
    m_Source:
      m_Damage:
        _baseValue: 0
        _minValue: 0
        _maxValue: 3.4028235e+38
        attributeModifiers: []
      m_DamageHealthPercentage: 0
      m_Type: 0
      m_Method: 1
      m_CannotEvade: 0
      m_CannotHurt: 0
    m_ApplyEffect: 1
    m_DamageEffects: []
--- !u!1 &2657906003521801052
GameObject:
  m_ObjectHideFlags: 0
  m_CorrespondingSourceObject: {fileID: 0}
  m_PrefabInstance: {fileID: 0}
  m_PrefabAsset: {fileID: 0}
  serializedVersion: 6
  m_Component:
  - component: {fileID: 7251879028682963325}
  - component: {fileID: 4660049031902569413}
  m_Layer: 6
  m_Name: RunToTarget
  m_TagString: Untagged
  m_Icon: {fileID: 0}
  m_NavMeshLayer: 0
  m_StaticEditorFlags: 0
  m_IsActive: 1
--- !u!4 &7251879028682963325
Transform:
  m_ObjectHideFlags: 0
  m_CorrespondingSourceObject: {fileID: 0}
  m_PrefabInstance: {fileID: 0}
  m_PrefabAsset: {fileID: 0}
  m_GameObject: {fileID: 2657906003521801052}
  m_LocalRotation: {x: 0, y: 0, z: 0, w: 1}
  m_LocalPosition: {x: 0, y: 0, z: 0}
  m_LocalScale: {x: 1, y: 1, z: 1}
  m_Children: []
  m_Father: {fileID: 4714372674476376957}
  m_RootOrder: 0
  m_LocalEulerAnglesHint: {x: 0, y: 0, z: 0}
--- !u!114 &4660049031902569413
MonoBehaviour:
  m_ObjectHideFlags: 0
  m_CorrespondingSourceObject: {fileID: 0}
  m_PrefabInstance: {fileID: 0}
  m_PrefabAsset: {fileID: 0}
  m_GameObject: {fileID: 2657906003521801052}
  m_Enabled: 1
  m_EditorHideFlags: 0
  m_Script: {fileID: 11500000, guid: d1fe9832a87c0344dac011994ac7d715, type: 3}
  m_Name: 
  m_EditorClassIdentifier: 
  IsIgnore: 0
  _waitForParallelTasksCompletion: 0
  _completeWhenAllChildrenStop: 0
  _nextTask: {fileID: 0}
  _parallelTasks: []
  m_TimeOut: 0
  m_MovingAnimation: Run
  m_IdleAnimation: Idle
  m_LoopAnimation: 1
  m_SyncTimeScale: 1
  m_Follow: 0
  m_Range: 0.5
  m_CompleteIfInRange: 0
  m_SpeedMod:
    AttributeName: 4
    Modifier:
      Type: 2
      value: 1
--- !u!1 &2898116728078574481
GameObject:
  m_ObjectHideFlags: 0
  m_CorrespondingSourceObject: {fileID: 0}
  m_PrefabInstance: {fileID: 0}
  m_PrefabAsset: {fileID: 0}
  serializedVersion: 6
  m_Component:
  - component: {fileID: 4714372674476376957}
  - component: {fileID: 5856377127479580522}
  - component: {fileID: 3848447679436321277}
  m_Layer: 6
  m_Name: Skill0
  m_TagString: Untagged
  m_Icon: {fileID: 0}
  m_NavMeshLayer: 0
  m_StaticEditorFlags: 0
  m_IsActive: 1
--- !u!4 &4714372674476376957
Transform:
  m_ObjectHideFlags: 0
  m_CorrespondingSourceObject: {fileID: 0}
  m_PrefabInstance: {fileID: 0}
  m_PrefabAsset: {fileID: 0}
  m_GameObject: {fileID: 2898116728078574481}
  m_LocalRotation: {x: -0, y: -0, z: -0, w: 1}
  m_LocalPosition: {x: -0.1, y: -4.1, z: 0}
  m_LocalScale: {x: 1, y: 1, z: 1}
  m_Children:
  - {fileID: 7251879028682963325}
  - {fileID: 2136929342316742416}
  - {fileID: 67546295540786996}
  - {fileID: 7099969020844132281}
  m_Father: {fileID: 2478764894015756548}
  m_RootOrder: 0
  m_LocalEulerAnglesHint: {x: 0, y: 0, z: 0}
--- !u!114 &5856377127479580522
MonoBehaviour:
  m_ObjectHideFlags: 0
  m_CorrespondingSourceObject: {fileID: 0}
  m_PrefabInstance: {fileID: 0}
  m_PrefabAsset: {fileID: 0}
  m_GameObject: {fileID: 2898116728078574481}
  m_Enabled: 1
  m_EditorHideFlags: 0
  m_Script: {fileID: 11500000, guid: 901627c940fe6c24896bece22d639dc5, type: 3}
  m_Name: 
  m_EditorClassIdentifier: 
  _autoStart: 0
  _startingTask: {fileID: 0}
  _currentTask: {fileID: 0}
  _isRunning: 0
--- !u!114 &3848447679436321277
MonoBehaviour:
  m_ObjectHideFlags: 0
  m_CorrespondingSourceObject: {fileID: 0}
  m_PrefabInstance: {fileID: 0}
  m_PrefabAsset: {fileID: 0}
  m_GameObject: {fileID: 2898116728078574481}
  m_Enabled: 1
  m_EditorHideFlags: 0
  m_Script: {fileID: 11500000, guid: 6b9cf23c2274eea4ea011cd7ac618c5d, type: 3}
  m_Name: 
  m_EditorClassIdentifier: 
  totalCast: 0
  _idSkill: 0
  _cooldown:
    _baseValue: 3
    _minValue: 0
    _maxValue: 3.4028235e+38
    attributeModifiers: []
  _taskRunner: {fileID: 5856377127479580522}
  skillConnectCooldownWhenSkillCompleted: {fileID: 0}
--- !u!1 &5484379291210305752
GameObject:
  m_ObjectHideFlags: 0
  m_CorrespondingSourceObject: {fileID: 0}
  m_PrefabInstance: {fileID: 0}
  m_PrefabAsset: {fileID: 0}
  serializedVersion: 6
  m_Component:
  - component: {fileID: 7099969020844132281}
  - component: {fileID: 2660809388302930911}
  m_Layer: 6
  m_Name: Idle
  m_TagString: Untagged
  m_Icon: {fileID: 0}
  m_NavMeshLayer: 0
  m_StaticEditorFlags: 0
  m_IsActive: 1
--- !u!4 &7099969020844132281
Transform:
  m_ObjectHideFlags: 0
  m_CorrespondingSourceObject: {fileID: 0}
  m_PrefabInstance: {fileID: 0}
  m_PrefabAsset: {fileID: 0}
  m_GameObject: {fileID: 5484379291210305752}
  m_LocalRotation: {x: 0, y: 0, z: 0, w: 1}
  m_LocalPosition: {x: 0, y: 0, z: 0}
  m_LocalScale: {x: 1, y: 1, z: 1}
  m_Children: []
  m_Father: {fileID: 4714372674476376957}
  m_RootOrder: 3
  m_LocalEulerAnglesHint: {x: 0, y: 0, z: 0}
--- !u!114 &2660809388302930911
MonoBehaviour:
  m_ObjectHideFlags: 0
  m_CorrespondingSourceObject: {fileID: 0}
  m_PrefabInstance: {fileID: 0}
  m_PrefabAsset: {fileID: 0}
  m_GameObject: {fileID: 5484379291210305752}
  m_Enabled: 1
  m_EditorHideFlags: 0
  m_Script: {fileID: 11500000, guid: 9c2b71235fd34db4cb26ecda7dce7fbc, type: 3}
  m_Name: 
  m_EditorClassIdentifier: 
  IsIgnore: 0
  _waitForParallelTasksCompletion: 0
  _completeWhenAllChildrenStop: 0
  _nextTask: {fileID: 0}
  _parallelTasks: []
  m_Skeleton: {fileID: 2478764894800470393}
  m_Animation: Idle
  m_EventName: 
  m_Loop: 1
  m_WaitingForCompletion: 0
  m_OnEventTrigger:
    m_PersistentCalls:
      m_Calls: []
--- !u!1 &8386102964680206487
GameObject:
  m_ObjectHideFlags: 0
  m_CorrespondingSourceObject: {fileID: 0}
  m_PrefabInstance: {fileID: 0}
  m_PrefabAsset: {fileID: 0}
  serializedVersion: 6
  m_Component:
  - component: {fileID: 2136929342316742416}
  - component: {fileID: 5267475637616674059}
  m_Layer: 6
  m_Name: FacingTarget
  m_TagString: Untagged
  m_Icon: {fileID: 0}
  m_NavMeshLayer: 0
  m_StaticEditorFlags: 0
  m_IsActive: 1
--- !u!4 &2136929342316742416
Transform:
  m_ObjectHideFlags: 0
  m_CorrespondingSourceObject: {fileID: 0}
  m_PrefabInstance: {fileID: 0}
  m_PrefabAsset: {fileID: 0}
  m_GameObject: {fileID: 8386102964680206487}
  m_LocalRotation: {x: -0, y: -0, z: -0, w: 1}
  m_LocalPosition: {x: 0, y: -0.07999992, z: 0}
  m_LocalScale: {x: 1, y: 1, z: 1}
  m_Children: []
  m_Father: {fileID: 4714372674476376957}
  m_RootOrder: 1
  m_LocalEulerAnglesHint: {x: 0, y: 0, z: 0}
--- !u!114 &5267475637616674059
MonoBehaviour:
  m_ObjectHideFlags: 0
  m_CorrespondingSourceObject: {fileID: 0}
  m_PrefabInstance: {fileID: 0}
  m_PrefabAsset: {fileID: 0}
  m_GameObject: {fileID: 8386102964680206487}
  m_Enabled: 1
  m_EditorHideFlags: 0
  m_Script: {fileID: 11500000, guid: 5f0055e990bb8034498b37a183d76c8f, type: 3}
  m_Name: 
  m_EditorClassIdentifier: 
  IsIgnore: 0
  _waitForParallelTasksCompletion: 0
  _completeWhenAllChildrenStop: 0
  _nextTask: {fileID: 0}
  _parallelTasks: []
  m_Once: 1
--- !u!1001 &3267417152926170738
PrefabInstance:
  m_ObjectHideFlags: 0
  serializedVersion: 2
  m_Modification:
    m_TransformParent: {fileID: 0}
    m_Modifications:
    - target: {fileID: 1098426543503630093, guid: d147a2e1b840e7744ac27a8589b83d27, type: 3}
      propertyPath: m_Mesh
      value: 
      objectReference: {fileID: 0}
    - target: {fileID: 1098426544899400966, guid: d147a2e1b840e7744ac27a8589b83d27, type: 3}
      propertyPath: m_RootOrder
      value: 0
      objectReference: {fileID: 0}
    - target: {fileID: 1098426544899400966, guid: d147a2e1b840e7744ac27a8589b83d27, type: 3}
      propertyPath: m_LocalPosition.x
      value: 0
      objectReference: {fileID: 0}
    - target: {fileID: 1098426544899400966, guid: d147a2e1b840e7744ac27a8589b83d27, type: 3}
      propertyPath: m_LocalPosition.y
      value: 0
      objectReference: {fileID: 0}
    - target: {fileID: 1098426544899400966, guid: d147a2e1b840e7744ac27a8589b83d27, type: 3}
      propertyPath: m_LocalPosition.z
      value: 0
      objectReference: {fileID: 0}
    - target: {fileID: 1098426544899400966, guid: d147a2e1b840e7744ac27a8589b83d27, type: 3}
      propertyPath: m_LocalRotation.w
      value: 1
      objectReference: {fileID: 0}
    - target: {fileID: 1098426544899400966, guid: d147a2e1b840e7744ac27a8589b83d27, type: 3}
      propertyPath: m_LocalRotation.x
      value: 0
      objectReference: {fileID: 0}
    - target: {fileID: 1098426544899400966, guid: d147a2e1b840e7744ac27a8589b83d27, type: 3}
      propertyPath: m_LocalRotation.y
      value: 0
      objectReference: {fileID: 0}
    - target: {fileID: 1098426544899400966, guid: d147a2e1b840e7744ac27a8589b83d27, type: 3}
      propertyPath: m_LocalRotation.z
      value: 0
      objectReference: {fileID: 0}
    - target: {fileID: 1098426544899400966, guid: d147a2e1b840e7744ac27a8589b83d27, type: 3}
      propertyPath: m_LocalEulerAnglesHint.x
      value: 0
      objectReference: {fileID: 0}
    - target: {fileID: 1098426544899400966, guid: d147a2e1b840e7744ac27a8589b83d27, type: 3}
      propertyPath: m_LocalEulerAnglesHint.y
      value: 0
      objectReference: {fileID: 0}
    - target: {fileID: 1098426544899400966, guid: d147a2e1b840e7744ac27a8589b83d27, type: 3}
      propertyPath: m_LocalEulerAnglesHint.z
      value: 0
      objectReference: {fileID: 0}
    - target: {fileID: 1098426544899400967, guid: d147a2e1b840e7744ac27a8589b83d27, type: 3}
      propertyPath: m_Name
      value: Ally1
      objectReference: {fileID: 0}
    - target: {fileID: 1098426544899401011, guid: d147a2e1b840e7744ac27a8589b83d27, type: 3}
      propertyPath: serializationData.Prefab
      value: 
      objectReference: {fileID: 1098426544899401011, guid: d147a2e1b840e7744ac27a8589b83d27, type: 3}
    m_RemovedComponents: []
  m_SourcePrefab: {fileID: 100100000, guid: d147a2e1b840e7744ac27a8589b83d27, type: 3}
--- !u!114 &2478764894800470393 stripped
MonoBehaviour:
  m_CorrespondingSourceObject: {fileID: 1098426543503630091, guid: d147a2e1b840e7744ac27a8589b83d27, type: 3}
  m_PrefabInstance: {fileID: 3267417152926170738}
  m_PrefabAsset: {fileID: 0}
  m_GameObject: {fileID: 0}
  m_Enabled: 1
  m_EditorHideFlags: 0
  m_Script: {fileID: 11500000, guid: d247ba06193faa74d9335f5481b2b56c, type: 3}
  m_Name: 
  m_EditorClassIdentifier: 
--- !u!4 &2478764894015756548 stripped
Transform:
  m_CorrespondingSourceObject: {fileID: 1098426544833570678, guid: d147a2e1b840e7744ac27a8589b83d27, type: 3}
  m_PrefabInstance: {fileID: 3267417152926170738}
  m_PrefabAsset: {fileID: 0}
