%YAML 1.1
%TAG !u! tag:unity3d.com,2011:
--- !u!1 &3935644509563541067
GameObject:
  m_ObjectHideFlags: 0
  m_CorrespondingSourceObject: {fileID: 0}
  m_PrefabInstance: {fileID: 0}
  m_PrefabAsset: {fileID: 0}
  serializedVersion: 6
  m_Component:
  - component: {fileID: 6102389711017598755}
  - component: {fileID: 8742735535950142665}
  m_Layer: 6
  m_Name: Melee
  m_TagString: Untagged
  m_Icon: {fileID: 0}
  m_NavMeshLayer: 0
  m_StaticEditorFlags: 0
  m_IsActive: 1
--- !u!4 &6102389711017598755
Transform:
  m_ObjectHideFlags: 0
  m_CorrespondingSourceObject: {fileID: 0}
  m_PrefabInstance: {fileID: 0}
  m_PrefabAsset: {fileID: 0}
  m_GameObject: {fileID: 3935644509563541067}
  m_LocalRotation: {x: 0, y: 0, z: 0, w: 1}
  m_LocalPosition: {x: 0, y: 0, z: 0}
  m_LocalScale: {x: 1, y: 1, z: 1}
  m_Children: []
  m_Father: {fileID: 5007353049644696883}
  m_RootOrder: 2
  m_LocalEulerAnglesHint: {x: 0, y: 0, z: 0}
--- !u!114 &8742735535950142665
MonoBehaviour:
  m_ObjectHideFlags: 0
  m_CorrespondingSourceObject: {fileID: 0}
  m_PrefabInstance: {fileID: 0}
  m_PrefabAsset: {fileID: 0}
  m_GameObject: {fileID: 3935644509563541067}
  m_Enabled: 1
  m_EditorHideFlags: 0
  m_Script: {fileID: 11500000, guid: 5d6bccb91f8661a40a48825952f935f6, type: 3}
  m_Name: 
  m_EditorClassIdentifier: 
  IsIgnore: 0
  _waitForParallelTasksCompletion: 0
  _completeWhenAllChildrenStop: 0
  _nextTask: {fileID: 0}
  _parallelTasks: []
  m_HitEffect: {fileID: 0}
  m_Animations:
  - Attack
  m_HitRange: 0
  m_HitRadius: 0.3
  m_OriginOffsetY: 0.2
  m_EventName: OnAttack
  m_TargetNumber: 1
  m_SyncTimeScale: 0
  m_OnAttack:
    m_PersistentCalls:
      m_Calls: []
  m_OnHit:
    m_PersistentCalls:
      m_Calls: []
  m_FacingTarget: 1
  m_DamageDealer:
    m_Source:
      m_Damage:
        _baseValue: 0
        _minValue: 0
        _maxValue: 3.4028235e+38
        attributeModifiers: []
      m_DamageHealthPercentage: 0
      m_Type: 0
      m_Method: 1
      m_CannotEvade: 0
      m_CannotHurt: 0
    m_ApplyEffect: 1
    m_DamageEffects: []
--- !u!1 &4927450109711837495
GameObject:
  m_ObjectHideFlags: 0
  m_CorrespondingSourceObject: {fileID: 0}
  m_PrefabInstance: {fileID: 0}
  m_PrefabAsset: {fileID: 0}
  serializedVersion: 6
  m_Component:
  - component: {fileID: 8454656389747215753}
  - component: {fileID: 5943503181870913294}
  m_Layer: 6
  m_Name: FacingTarget
  m_TagString: Untagged
  m_Icon: {fileID: 0}
  m_NavMeshLayer: 0
  m_StaticEditorFlags: 0
  m_IsActive: 1
--- !u!4 &8454656389747215753
Transform:
  m_ObjectHideFlags: 0
  m_CorrespondingSourceObject: {fileID: 0}
  m_PrefabInstance: {fileID: 0}
  m_PrefabAsset: {fileID: 0}
  m_GameObject: {fileID: 4927450109711837495}
  m_LocalRotation: {x: -0, y: -0, z: -0, w: 1}
  m_LocalPosition: {x: 0.21000001, y: -0.9899998, z: 0}
  m_LocalScale: {x: 1, y: 1, z: 1}
  m_Children: []
  m_Father: {fileID: 5007353049644696883}
  m_RootOrder: 1
  m_LocalEulerAnglesHint: {x: 0, y: 0, z: 0}
--- !u!114 &5943503181870913294
MonoBehaviour:
  m_ObjectHideFlags: 0
  m_CorrespondingSourceObject: {fileID: 0}
  m_PrefabInstance: {fileID: 0}
  m_PrefabAsset: {fileID: 0}
  m_GameObject: {fileID: 4927450109711837495}
  m_Enabled: 1
  m_EditorHideFlags: 0
  m_Script: {fileID: 11500000, guid: 5f0055e990bb8034498b37a183d76c8f, type: 3}
  m_Name: 
  m_EditorClassIdentifier: 
  IsIgnore: 0
  _waitForParallelTasksCompletion: 0
  _completeWhenAllChildrenStop: 0
  _nextTask: {fileID: 0}
  _parallelTasks: []
  m_Once: 1
--- !u!1 &5004990881350695990
GameObject:
  m_ObjectHideFlags: 0
  m_CorrespondingSourceObject: {fileID: 0}
  m_PrefabInstance: {fileID: 0}
  m_PrefabAsset: {fileID: 0}
  serializedVersion: 6
  m_Component:
  - component: {fileID: 5007353049644696883}
  - component: {fileID: 7130685775563051786}
  - component: {fileID: 8755003212365964311}
  m_Layer: 6
  m_Name: Skill0
  m_TagString: Untagged
  m_Icon: {fileID: 0}
  m_NavMeshLayer: 0
  m_StaticEditorFlags: 0
  m_IsActive: 1
--- !u!4 &5007353049644696883
Transform:
  m_ObjectHideFlags: 0
  m_CorrespondingSourceObject: {fileID: 0}
  m_PrefabInstance: {fileID: 0}
  m_PrefabAsset: {fileID: 0}
  m_GameObject: {fileID: 5004990881350695990}
  m_LocalRotation: {x: -0, y: -0, z: -0, w: 1}
  m_LocalPosition: {x: -0.31, y: -3.19, z: 0}
  m_LocalScale: {x: 1, y: 1, z: 1}
  m_Children:
  - {fileID: 3362798025998126498}
  - {fileID: 8454656389747215753}
  - {fileID: 6102389711017598755}
  - {fileID: 1106605684819147127}
  m_Father: {fileID: 5573543134780805413}
  m_RootOrder: 0
  m_LocalEulerAnglesHint: {x: 0, y: 0, z: 0}
--- !u!114 &7130685775563051786
MonoBehaviour:
  m_ObjectHideFlags: 0
  m_CorrespondingSourceObject: {fileID: 0}
  m_PrefabInstance: {fileID: 0}
  m_PrefabAsset: {fileID: 0}
  m_GameObject: {fileID: 5004990881350695990}
  m_Enabled: 1
  m_EditorHideFlags: 0
  m_Script: {fileID: 11500000, guid: 901627c940fe6c24896bece22d639dc5, type: 3}
  m_Name: 
  m_EditorClassIdentifier: 
  _autoStart: 0
  _startingTask: {fileID: 0}
  _currentTask: {fileID: 0}
  _isRunning: 0
--- !u!114 &8755003212365964311
MonoBehaviour:
  m_ObjectHideFlags: 0
  m_CorrespondingSourceObject: {fileID: 0}
  m_PrefabInstance: {fileID: 0}
  m_PrefabAsset: {fileID: 0}
  m_GameObject: {fileID: 5004990881350695990}
  m_Enabled: 1
  m_EditorHideFlags: 0
  m_Script: {fileID: 11500000, guid: 6b9cf23c2274eea4ea011cd7ac618c5d, type: 3}
  m_Name: 
  m_EditorClassIdentifier: 
  totalCast: 0
  _idSkill: 0
  _cooldown:
    _baseValue: 3
    _minValue: 0
    _maxValue: 3.4028235e+38
    attributeModifiers: []
  _taskRunner: {fileID: 7130685775563051786}
  skillConnectCooldownWhenSkillCompleted: {fileID: 0}
--- !u!1 &7494177585308037447
GameObject:
  m_ObjectHideFlags: 0
  m_CorrespondingSourceObject: {fileID: 0}
  m_PrefabInstance: {fileID: 0}
  m_PrefabAsset: {fileID: 0}
  serializedVersion: 6
  m_Component:
  - component: {fileID: 3362798025998126498}
  - component: {fileID: 3655614848807200143}
  m_Layer: 6
  m_Name: RunToTarget
  m_TagString: Untagged
  m_Icon: {fileID: 0}
  m_NavMeshLayer: 0
  m_StaticEditorFlags: 0
  m_IsActive: 1
--- !u!4 &3362798025998126498
Transform:
  m_ObjectHideFlags: 0
  m_CorrespondingSourceObject: {fileID: 0}
  m_PrefabInstance: {fileID: 0}
  m_PrefabAsset: {fileID: 0}
  m_GameObject: {fileID: 7494177585308037447}
  m_LocalRotation: {x: -0, y: -0, z: -0, w: 1}
  m_LocalPosition: {x: 0.21000001, y: -0.9899998, z: 0}
  m_LocalScale: {x: 1, y: 1, z: 1}
  m_Children: []
  m_Father: {fileID: 5007353049644696883}
  m_RootOrder: 0
  m_LocalEulerAnglesHint: {x: 0, y: 0, z: 0}
--- !u!114 &3655614848807200143
MonoBehaviour:
  m_ObjectHideFlags: 0
  m_CorrespondingSourceObject: {fileID: 0}
  m_PrefabInstance: {fileID: 0}
  m_PrefabAsset: {fileID: 0}
  m_GameObject: {fileID: 7494177585308037447}
  m_Enabled: 1
  m_EditorHideFlags: 0
  m_Script: {fileID: 11500000, guid: d1fe9832a87c0344dac011994ac7d715, type: 3}
  m_Name: 
  m_EditorClassIdentifier: 
  IsIgnore: 0
  _waitForParallelTasksCompletion: 0
  _completeWhenAllChildrenStop: 0
  _nextTask: {fileID: 0}
  _parallelTasks: []
  m_TimeOut: 0
  m_MovingAnimation: Run
  m_IdleAnimation: 
  m_LoopAnimation: 1
  m_SyncTimeScale: 1
  m_Follow: 0
  m_Range: 0.5
  m_CompleteIfInRange: 0
  m_SpeedMod:
    AttributeName: 4
    Modifier:
      Type: 2
      value: 1
--- !u!1 &8485374411332393037
GameObject:
  m_ObjectHideFlags: 0
  m_CorrespondingSourceObject: {fileID: 0}
  m_PrefabInstance: {fileID: 0}
  m_PrefabAsset: {fileID: 0}
  serializedVersion: 6
  m_Component:
  - component: {fileID: 1106605684819147127}
  - component: {fileID: 4282126336703735399}
  m_Layer: 6
  m_Name: Idle
  m_TagString: Untagged
  m_Icon: {fileID: 0}
  m_NavMeshLayer: 0
  m_StaticEditorFlags: 0
  m_IsActive: 1
--- !u!4 &1106605684819147127
Transform:
  m_ObjectHideFlags: 0
  m_CorrespondingSourceObject: {fileID: 0}
  m_PrefabInstance: {fileID: 0}
  m_PrefabAsset: {fileID: 0}
  m_GameObject: {fileID: 8485374411332393037}
  m_LocalRotation: {x: 0, y: 0, z: 0, w: 1}
  m_LocalPosition: {x: 0, y: 0, z: 0}
  m_LocalScale: {x: 1, y: 1, z: 1}
  m_Children: []
  m_Father: {fileID: 5007353049644696883}
  m_RootOrder: 3
  m_LocalEulerAnglesHint: {x: 0, y: 0, z: 0}
--- !u!114 &4282126336703735399
MonoBehaviour:
  m_ObjectHideFlags: 0
  m_CorrespondingSourceObject: {fileID: 0}
  m_PrefabInstance: {fileID: 0}
  m_PrefabAsset: {fileID: 0}
  m_GameObject: {fileID: 8485374411332393037}
  m_Enabled: 1
  m_EditorHideFlags: 0
  m_Script: {fileID: 11500000, guid: 9c2b71235fd34db4cb26ecda7dce7fbc, type: 3}
  m_Name: 
  m_EditorClassIdentifier: 
  IsIgnore: 0
  _waitForParallelTasksCompletion: 0
  _completeWhenAllChildrenStop: 0
  _nextTask: {fileID: 0}
  _parallelTasks: []
  m_Skeleton: {fileID: 5573543135091150707}
  m_Animation: Run
  m_EventName: 
  m_Loop: 1
  m_WaitingForCompletion: 0
  m_OnEventTrigger:
    m_PersistentCalls:
      m_Calls: []
--- !u!1001 &3523966426588794845
PrefabInstance:
  m_ObjectHideFlags: 0
  serializedVersion: 2
  m_Modification:
    m_TransformParent: {fileID: 0}
    m_Modifications:
    - target: {fileID: 9060845769303061039, guid: ebd1912daa653e749a93b333f5e302d8, type: 3}
      propertyPath: m_RootOrder
      value: 0
      objectReference: {fileID: 0}
    - target: {fileID: 9060845769303061039, guid: ebd1912daa653e749a93b333f5e302d8, type: 3}
      propertyPath: m_LocalPosition.x
      value: 0
      objectReference: {fileID: 0}
    - target: {fileID: 9060845769303061039, guid: ebd1912daa653e749a93b333f5e302d8, type: 3}
      propertyPath: m_LocalPosition.y
      value: 0
      objectReference: {fileID: 0}
    - target: {fileID: 9060845769303061039, guid: ebd1912daa653e749a93b333f5e302d8, type: 3}
      propertyPath: m_LocalPosition.z
      value: 0
      objectReference: {fileID: 0}
    - target: {fileID: 9060845769303061039, guid: ebd1912daa653e749a93b333f5e302d8, type: 3}
      propertyPath: m_LocalRotation.w
      value: 1
      objectReference: {fileID: 0}
    - target: {fileID: 9060845769303061039, guid: ebd1912daa653e749a93b333f5e302d8, type: 3}
      propertyPath: m_LocalRotation.x
      value: 0
      objectReference: {fileID: 0}
    - target: {fileID: 9060845769303061039, guid: ebd1912daa653e749a93b333f5e302d8, type: 3}
      propertyPath: m_LocalRotation.y
      value: 0
      objectReference: {fileID: 0}
    - target: {fileID: 9060845769303061039, guid: ebd1912daa653e749a93b333f5e302d8, type: 3}
      propertyPath: m_LocalRotation.z
      value: 0
      objectReference: {fileID: 0}
    - target: {fileID: 9060845769303061039, guid: ebd1912daa653e749a93b333f5e302d8, type: 3}
      propertyPath: m_LocalEulerAnglesHint.x
      value: 0
      objectReference: {fileID: 0}
    - target: {fileID: 9060845769303061039, guid: ebd1912daa653e749a93b333f5e302d8, type: 3}
      propertyPath: m_LocalEulerAnglesHint.y
      value: 0
      objectReference: {fileID: 0}
    - target: {fileID: 9060845769303061039, guid: ebd1912daa653e749a93b333f5e302d8, type: 3}
      propertyPath: m_LocalEulerAnglesHint.z
      value: 0
      objectReference: {fileID: 0}
    - target: {fileID: 9060845769303061049, guid: ebd1912daa653e749a93b333f5e302d8, type: 3}
      propertyPath: serializationData.Prefab
      value: 
      objectReference: {fileID: 9060845769303061049, guid: ebd1912daa653e749a93b333f5e302d8, type: 3}
    - target: {fileID: 9060845769303061051, guid: ebd1912daa653e749a93b333f5e302d8, type: 3}
      propertyPath: m_Name
      value: Enemy9
      objectReference: {fileID: 0}
    - target: {fileID: 9060845770350428332, guid: ebd1912daa653e749a93b333f5e302d8, type: 3}
      propertyPath: m_Mesh
      value: 
      objectReference: {fileID: 0}
    - target: {fileID: 9060845770350428333, guid: ebd1912daa653e749a93b333f5e302d8, type: 3}
      propertyPath: m_Materials.Array.data[0]
      value: 
      objectReference: {fileID: 2100000, guid: 7bfba70343d247149a2737a2702d883e, type: 2}
    - target: {fileID: 9060845770350428334, guid: ebd1912daa653e749a93b333f5e302d8, type: 3}
      propertyPath: skeletonDataAsset
      value: 
      objectReference: {fileID: 11400000, guid: ff4944b522932cc42903f3b71d22c472, type: 2}
    m_RemovedComponents: []
  m_SourcePrefab: {fileID: 100100000, guid: ebd1912daa653e749a93b333f5e302d8, type: 3}
--- !u!114 &5573543135091150707 stripped
MonoBehaviour:
  m_CorrespondingSourceObject: {fileID: 9060845770350428334, guid: ebd1912daa653e749a93b333f5e302d8, type: 3}
  m_PrefabInstance: {fileID: 3523966426588794845}
  m_PrefabAsset: {fileID: 0}
  m_GameObject: {fileID: 0}
  m_Enabled: 1
  m_EditorHideFlags: 0
  m_Script: {fileID: 11500000, guid: d247ba06193faa74d9335f5481b2b56c, type: 3}
  m_Name: 
  m_EditorClassIdentifier: 
--- !u!4 &5573543134780805413 stripped
Transform:
  m_CorrespondingSourceObject: {fileID: 9060845770610515704, guid: ebd1912daa653e749a93b333f5e302d8, type: 3}
  m_PrefabInstance: {fileID: 3523966426588794845}
  m_PrefabAsset: {fileID: 0}
